@article{alt04,
    author = {Altekar, G. and Dwarkadas, S. and Huelsenbeck, J. P.
        and Ronquist, F.}, year = {2004},
    title = {Parallel \uppercase{M}etropolis coupled
        \uppercase{M}arkov chain \uppercase{M}onte \uppercase{C}arlo
        for \uppercase{B}ayesian phylogenetic inference},
    journal = {Bioinformatics}, volume = {20}, pages = {407-415}
}

@book{giv05,
    author = {Givens, G. H. and Hoeting, J. A.}, year = {2005},
    title = {Computational Statistics},
    publisher = {John Wiley \& Sons, Inc.},
    address = {Hoboken, NJ}
}

@article{nee94,
    author = {Nee, S. and Holmes, E. C. and May, R. M. and Harvey, P. H.},
    year = {1994},
    title = {Extinction rates can be estimated from molecular phylogenies},
    journal = {Philosophical Transactions of the Royal Society of London,
        Series B: Biological Sciences}, volume = {344}, pages = {77-82}
}

@article{rab14plos,
    author = {Rabosky, D. L.}, year = {2014},
    title = {Automatic detection of key innovations, rate shifts,
        and diversity-dependence on phylogenetic trees},
    journal = {PLoS ONE}, volume = {9}, pages = {e89543}
}

@article{rab14sysbio,
    author = {Rabosky, D. L. and Donnellan, S. C. and Grundler, M.
        and Lovette, I. J.}, year = {2014},
    title = {Analysis and visualization of complex macroevolutionary dynamics:
        an example from \uppercase{A}ustralian scincid lizards},
    journal = {Systematic Biology}, volume = {63}, pages = {610-627}
}
